%% This BibTeX bibliography file was created using BibDesk.
%% http://bibdesk.sourceforge.net/


%% Created for Eduardo Martínez Graciá at 2018-09-01 19:21:29 +0200 


%% Saved with string encoding Unicode (UTF-8) 



@book{fernandez,
	Author = {{Mª {\'A}ngeles Fern{\'a}ndez de Sevilla Vell{\'o}n}},
	Date-Added = {2018-09-01 19:20:35 +0200},
	Date-Modified = {2018-09-01 19:21:25 +0200},
	Publisher = {Textos Universitarios Tecnolog{\'\i}a},
	Title = {Introducci{\'o}n pr{\'a}ctica a la programaci{\'o}n con Python},
	Year = {2016}}

@book{chazallet,
	Author = {{S{\'e}bastien Chazallet}},
	Date-Added = {2018-09-01 19:17:23 +0200},
	Date-Modified = {2018-09-01 19:18:14 +0200},
	Publisher = {Ediciones ENI},
	Title = {Python 3. Los fundamentos del lenguaje},
	Year = {2016}}

@book{downey,
	Author = {{Allen Downey}},
	Date-Added = {2018-09-01 19:16:14 +0200},
	Date-Modified = {2018-09-01 19:17:11 +0200},
	Publisher = {Green Tea Press},
	Title = {Think Python},
	Year = {2012}}

@book{lutz,
	Author = {{Mark Lutz}},
	Date-Added = {2018-09-01 19:14:47 +0200},
	Date-Modified = {2018-09-01 19:16:08 +0200},
	Publisher = {O'Reilly},
	Title = {Learning Python},
	Year = {2013}}
